@book{dwork2014algorithmic,
  title={The algorithmic foundations of differential privacy},
  author={Dwork, Cynthia and Roth, Aaron and others},
  journal={Foundations and Trends {\textregistered} in Theoretical Computer Science},
  year={2014},
  publisher={Now Publishers, Inc.}
}

@inproceedings{dwork2006,
 author = {Dwork, Cynthia and McSherry, Frank and Nissim, Kobbi and Smith, Adam},
 title = {Calibrating Noise to Sensitivity in Private Data Analysis},
 booktitle = {TCC},
 year = {2006},
 isbn = {3-540-32731-2, 978-3-540-32731-8},
 pages = {265--284},
 numpages = {20},
 publisher = {Springer-Verlag}
  } 

@inproceedings{talwar,
author = {McSherry, Frank and Talwar, Kunal},
title = {Mechanism Design via Differential Privacy},
booktitle = {FOCS},
year = {2007}
}

@inproceedings{nissim2007smooth,
  title={Smooth sensitivity and sampling in private data analysis},
  author={Nissim, Kobbi and Raskhodnikova, Sofya and Smith, Adam},
  booktitle={STOC},
  year = {2007},
  pages={75--84}
}

@inproceedings{zhang2016differential,
  title={On the Differential Privacy of Bayesian Inference},
  author={Zhang, Zuhe and Rubinstein, Benjamin IP and Dimitrakakis, Christos and others},
  booktitle={AAAI},
  year ={ 2016},
  pages={2365--2371}
}

@inproceedings{zheng2015differential,
  title={The Differential Privacy of Bayesian Inference},
  author={Zheng, Shijie},
  booktitle={Bachelor's thesis, Harvard College},
  year = {2015}
}


@inproceedings{foulds2016theory,
  author    = {James R. Foulds and
               Joseph Geumlek and
               Max Welling and
               Kamalika Chaudhuri},
  title     = {On the Theory and Practice of Privacy-Preserving Bayesian Data Analysis},
  booktitle = {UAI},
  year      = {2016}
  }


@article{xiao2012bayesian,
  title={Bayesian inference under differential privacy},
  author={Xiao, Yonghui and Xiong, Li},
  journal={arXiv preprint arXiv:1203.0617},
  year = { 2012}
}

@article{CIT-004,
year = {2004},
volume = {1},
journal = {Foundations and TrendsÂ® in Communications and Information Theory},
title = {Information Theory and Statistics: A Tutorial},
doi = {10.1561/0100000004},
issn = {1567-2190},
number = {4},
pages = {417-528},
author = {I. Csisz{\'a}r and P.C. Shields}
}

@inproceedings{Zhang2017privbayes,
 author = {Zhang, Jun and Cormode, Graham and Procopiuc, Cecilia M. and Srivastava, Divesh and Xiao, Xiaokui},
 title = {PrivBayes: Private Data Release via Bayesian Networks},
 journal = {SIGMOD},
 year = {2014},
 pages = {1423--1434}
 } 
 
@inproceedings{abadi2016deep,
  title={Deep learning with differential privacy},
  author={Abadi, Martin and Chu, Andy and Goodfellow, Ian and McMahan, H Brendan and Mironov, Ilya and Talwar, Kunal and Zhang, Li},
  booktitle={CCS},
  year = { 2016},
  pages={308--318}
}

@article{dimitrakakis2015differential,
  title={Differential privacy in a Bayesian setting through posterior sampling},
  author={Dimitrakakis, Christos and Nelson, Blaine and Zhang, Zuhe and Mitrokotsa, Aikaterini and Rubinsein, Benjamin IP},
  journal={Technical Report 1306.1066, arXiv},
  year = {2015}
}

@inproceedings{chaudhuri2012near,
  title={Near-optimal differentially private principal components},
  author={Chaudhuri, Kamalika and Sarwate, Anand and Sinha, Kaushik},
  booktitle={NIPS},
  year = {2012},
  pages={989--997}
}

@inproceedings{chaudhuri2009privacy,
  title={Privacy-preserving logistic regression},
  author={Chaudhuri, Kamalika and Monteleoni, Claire},
  booktitle={NIPS},
  year = {2009},
  pages={289--296}
}

@article{le2014differentially,
  title={Differentially private filtering},
  author={Le Ny, Jerome and Pappas, George J},
  journal={In IEEE Transactions on Automatic Control},
  year = { 2014},
  volume={59},
  number={2},
  pages={341--354},
  year={2014},
  publisher={IEEE}
}


@inproceedings{wang2015differentially,
  title={Differentially private subspace clustering},
  author={Wang, Yining and Wang, Yu-Xiang and Singh, Aarti},
  booktitle={NIPS},
  year = { 2015},
  pages={1000--1008}
}

@inproceedings{wang2015privacy,
  title={Privacy for free: Posterior sampling and stochastic gradient monte carlo},
  author={Wang, Yu-Xiang and Fienberg, Stephen and Smola, Alex},
  booktitle={ICML},
  year = { 2015},
  pages={2493--2502}
}

@inproceedings{dimitrakakis2014robust,
  title={Robust and private Bayesian inference},
  author={Dimitrakakis, Christos and Nelson, Blaine and Mitrokotsa, Aikaterini and Rubinstein, Benjamin IP},
  booktitle={ALT},
  year = { 2014},
  pages={291--305}
}

@inproceedings{williams2010probabilistic,
  title={Probabilistic inference and differential privacy},
  author={Williams, Oliver and McSherry, Frank},
  booktitle={NIPS},
  year = {2010},
  pages={2451--2459}
}

@inproceedings{chaudhuri2012convergence,
  title={Convergence rates for differentially private statistical estimation},
  author={Chaudhuri, Kamalika and Hsu, Daniel},
  booktitle={ICML},
  year = {2012},
  pages={1327}
}

@inproceedings{GeumlekSC17,
  author    = {Joseph Geumlek and
               Shuang Song and
               Kamalika Chaudhuri},
  title     = {Renyi Differential Privacy Mechanisms for Posterior Sampling},
  booktitle = {NIPS},
  pages     = {5295--5304},
  year      = {2017}
}

@inproceedings{BartheFGAGHS16,
  author    = {Gilles Barthe and
               Gian Pietro Farina and
               Marco Gaboardi and
               Emilio Jes{\'{u}}s Gallego Arias and
               Andy Gordon and
               Justin Hsu and
               Pierre{-}Yves Strub},
  title     = {Differentially Private Bayesian Programming},
  booktitle = {CCS},
  pages     = {68--79},
  year      = {2016}
  }